<record xmlns="http://www.loc.gov/MARC21/slim" xmlns:xsi="http://www.w3.org/2001/XMLSchema-instance" xsi:schemaLocation="http://www.loc.gov/MARC21/slim http://www.loc.gov/standards/marcxml/schema/MARC21slim.xsd"><leader>00337nz   2200133n  4500</leader><controlfield tag="001">oca00431547 </controlfield><controlfield tag="005">19840322000000.0</controlfield><controlfield tag="008">800904n| acannaab|          |b aaa |||  </controlfield><datafield ind1=" " ind2=" " tag="010"><subfield code="a">n  80049661 </subfield></datafield><datafield ind1=" " ind2=" " tag="040"><subfield code="a">DLC</subfield><subfield code="c">DLC</subfield></datafield><datafield ind1="1" ind2=" " tag="100"><subfield code="a">Andronicus, Livius.</subfield></datafield><datafield ind1="1" ind2=" " tag="400"><subfield code="a">Andronicus, Lucius Livius</subfield></datafield><datafield ind1="0" ind2=" " tag="400"><subfield code="a">Livius Andronicus.</subfield><subfield code="w">nna</subfield></datafield><datafield ind1="0" ind2=" " tag="400"><subfield code="a">Livio Andronico</subfield></datafield></record>